@article{article1,
  title={Group detection in complex networks: An algorithm and comparison of the state of the art},
  author={Šubelj, Lovro and Bajec, Marko},
  volume={397},
  pages={144--156},
  year={2014},
  publisher={Physica A}
}

@article{article2,
  title={Node mixing and group structure of complex software networks},
  author={Šubelj, Lovro and Bajec, Marko and Žitnik, Slavko and Blagus, Neli},
  volume={17},
  year={2014},
  publisher={Advances in Complex Systems}
}

@article{article3,
  title={Clustering scientific publications based on citation relations: A systematic comparison of different methods},
  author={Šubelj, Lovro and Waltman, Ludo and vanEck, NessJan},
  volume={11},
  year={2016},
  publisher={PLoS ONE}
}

@article{article4,
  title={General context-aware data matching and merging framework},
  author={Šubelj, Lovro and Bajec, Marko and Žitnik, Slavko and Lavbič, Dejan and Vasilecas, Olegas},
  volume={24},
  pages={119--152},
  year={2013},
  publisher={Informatica}
}
